<?xml version="1.0"?>
<records xmlns="http://www.openarchives.org/OAI/2.0/">
  <record>
    <header>
      <identifier>oai:mst.rochester.edu:126</identifier>
    </header>
    <metadata>
      <marc:record xmlns:marc="http://www.loc.gov/MARC21/slim" xmlns:xsi="http://www.w3.org/2001/XMLSchema-instance" xsi:schemaLocation="http://www.loc.gov/MARC21/slim http://www.loc.gov/standards/marcxml/schema/MARC21slim.xsd">
        <marc:leader>00869cam a2200289Ia 4500</marc:leader>
        <marc:controlfield tag="001">3724338</marc:controlfield>
        <marc:controlfield tag="005">20080229155254.0</marc:controlfield>
        <marc:controlfield tag="008">950822s1980    ja            000 1 jpn d</marc:controlfield>
        <marc:datafield tag="035" ind1=" " ind2=" ">
          <marc:subfield code="a">(OCoLC)ocm33026495</marc:subfield>
        </marc:datafield>
        <marc:datafield tag="040" ind1=" " ind2=" ">
          <marc:subfield code="a">DPL</marc:subfield>
          <marc:subfield code="c">DPL</marc:subfield>
          <marc:subfield code="d">OCL</marc:subfield>
          <marc:subfield code="d">OCLCQ</marc:subfield>
          <marc:subfield code="d">RRR</marc:subfield>
        </marc:datafield>
        <marc:datafield tag="035" ind1=" " ind2=" ">
          <marc:subfield code="a">(OCoLC)33026495</marc:subfield>
        </marc:datafield>
        <marc:datafield tag="041" ind1="1" ind2=" ">
          <marc:subfield code="a">jpn</marc:subfield>
          <marc:subfield code="h">eng</marc:subfield>
        </marc:datafield>
        <marc:datafield tag="043" ind1=" " ind2=" ">
          <marc:subfield code="a">n-us---</marc:subfield>
        </marc:datafield>
        <marc:datafield tag="090" ind1=" " ind2=" ">
          <marc:subfield code="a">PS3553</marc:subfield>
          <marc:subfield code="b">.U75Qd</marc:subfield>
        </marc:datafield>
        <marc:datafield tag="092" ind1=" " ind2=" ">
          <marc:subfield code="a">813.54</marc:subfield>
        </marc:datafield>
        <marc:datafield tag="049" ind1=" " ind2=" ">
          <marc:subfield code="a">RRRR</marc:subfield>
        </marc:datafield>
        <marc:datafield tag="100" ind1="1" ind2=" ">
          <marc:subfield code="a">Cussler, Clive.</marc:subfield>
        </marc:datafield>
        <marc:datafield tag="240" ind1="1" ind2="0">
          <marc:subfield code="a">Vixen 03.</marc:subfield>
          <marc:subfield code="l">Japanese</marc:subfield>
        </marc:datafield>
        <marc:datafield tag="245" ind1="1" ind2="0">
          <marc:subfield code="a">QD danto&#x304; o kaishu&#x304; seyo /</marc:subfield>
          <marc:subfield code="c">Kuraibu Kassura&#x304; ; Nakayama Yoshiyuki yaku.</marc:subfield>
        </marc:datafield>
        <marc:datafield tag="260" ind1=" " ind2=" ">
          <marc:subfield code="a">To&#x304;kyo&#x304; :</marc:subfield>
          <marc:subfield code="b">Shincho&#x304;sha,</marc:subfield>
          <marc:subfield code="c">Sho&#x304;wa 55 [1980]</marc:subfield>
        </marc:datafield>
        <marc:datafield tag="300" ind1=" " ind2=" ">
          <marc:subfield code="a">503 p. ;</marc:subfield>
          <marc:subfield code="c">16 cm.</marc:subfield>
        </marc:datafield>
        <marc:datafield tag="440" ind1=" " ind2="0">
          <marc:subfield code="a">Shincho&#x304; bunko</marc:subfield>
        </marc:datafield>
        <marc:datafield tag="650" ind1=" " ind2="0">
          <marc:subfield code="a">Pitt, Dirk (Fictitious character)</marc:subfield>
          <marc:subfield code="v">Fiction.</marc:subfield>
        </marc:datafield>
        <marc:datafield tag="650" ind1=" " ind2="0">
          <marc:subfield code="a">Terrorism</marc:subfield>
          <marc:subfield code="v">Fiction.</marc:subfield>
        </marc:datafield>
        <marc:datafield tag="651" ind1=" " ind2="0">
          <marc:subfield code="a">United States</marc:subfield>
          <marc:subfield code="x">Politics and government</marc:subfield>
          <marc:subfield code="v">Fiction.</marc:subfield>
        </marc:datafield>
        <marc:datafield tag="700" ind1="1" ind2=" ">
          <marc:subfield code="a">Nakayama, Yoshiyuki.</marc:subfield>
        </marc:datafield>
        <marc:datafield tag="994" ind1=" " ind2=" ">
          <marc:subfield code="a">C0</marc:subfield>
          <marc:subfield code="b">RRR</marc:subfield>
        </marc:datafield>
      </marc:record>
    </metadata>
  </record>
</records>
